@article{DBLP:journals/corr/bert,
  author    = {Jacob Devlin and
               Ming{-}Wei Chang and
               Kenton Lee and
               Kristina Toutanova},
  title     = {{BERT:} Pre-training of Deep Bidirectional Transformers for Language
               Understanding},
  journal   = {CoRR},
  volume    = {abs/1810.04805},
  year      = {2018},
  url       = {http://arxiv.org/abs/1810.04805},
  archivePrefix = {arXiv},
  eprint    = {1810.04805},
  timestamp = {Tue, 30 Oct 2018 20:39:56 +0100},
  biburl    = {https://dblp.org/rec/bib/journals/corr/abs-1810-04805},
  bibsource = {dblp computer science bibliography, https://dblp.org}
}

@article{DBLP:journals/corr/ChenXZG16,
  author    = {Tianqi Chen and
               Bing Xu and
               Chiyuan Zhang and
               Carlos Guestrin},
  title     = {Training Deep Nets with Sublinear Memory Cost},
  journal   = {CoRR},
  volume    = {abs/1604.06174},
  year      = {2016},
  url       = {http://arxiv.org/abs/1604.06174},
  archivePrefix = {arXiv},
  eprint    = {1604.06174},
  timestamp = {Mon, 13 Aug 2018 16:48:01 +0200},
  biburl    = {https://dblp.org/rec/bib/journals/corr/ChenXZG16},
  bibsource = {dblp computer science bibliography, https://dblp.org}
}
@misc{T5,
    title={Exploring the Limits of Transfer Learning with a Unified Text-to-Text Transformer},
    author={Colin Raffel and Noam Shazeer and Adam Roberts and Katherine Lee and Sharan Narang and Michael Matena and Yanqi Zhou and Wei Li and Peter J. Liu},
    year={2019},
    eprint={1910.10683},
    archivePrefix={arXiv},
    primaryClass={cs.LG}
}
@misc{chen2016training,
    title={Training Deep Nets with Sublinear Memory Cost},
    author={Tianqi Chen and Bing Xu and Chiyuan Zhang and Carlos Guestrin},
    year={2016},
    eprint={1604.06174},
    archivePrefix={arXiv},
    primaryClass={cs.LG}
}

@article{DBLP:journals/corr/abs-1801-04380,
  author    = {Linnan Wang and
               Jinmian Ye and
               Yiyang Zhao and
               Wei Wu and
               Ang Li and
               Shuaiwen Leon Song and
               Zenglin Xu and
               Tim Kraska},
  title     = {SuperNeurons: Dynamic {GPU} Memory Management for Training Deep Neural
               Networks},
  journal   = {CoRR},
  volume    = {abs/1801.04380},
  year      = {2018},
  url       = {http://arxiv.org/abs/1801.04380},
  archivePrefix = {arXiv},
  eprint    = {1801.04380},
  timestamp = {Thu, 19 Dec 2019 13:04:28 +0100},
  biburl    = {https://dblp.org/rec/journals/corr/abs-1801-04380.bib},
  bibsource = {dblp computer science bibliography, https://dblp.org}
}
@INPROCEEDINGS{7783721,  author={M. {Rhu} and N. {Gimelshein} and J. {Clemons} and A. {Zulfiqar} and S. W. {Keckler}},  booktitle={2016 49th Annual IEEE/ACM International Symposium on Microarchitecture (MICRO)},  title={vDNN: Virtualized deep neural networks for scalable, memory-efficient neural network design},   year={2016},  volume={},  number={},  pages={1-13},}
@article{DBLP:journals/corr/abs-1811-02084,
  author    = {Noam Shazeer and
               Youlong Cheng and
               Niki Parmar and
               Dustin Tran and
               Ashish Vaswani and
               Penporn Koanantakool and
               Peter Hawkins and
               HyoukJoong Lee and
               Mingsheng Hong and
               Cliff Young and
               Ryan Sepassi and
               Blake A. Hechtman},
  title     = {Mesh-TensorFlow: Deep Learning for Supercomputers},
  journal   = {CoRR},
  volume    = {abs/1811.02084},
  year      = {2018},
  url       = {http://arxiv.org/abs/1811.02084},
  archivePrefix = {arXiv},
  eprint    = {1811.02084},
  timestamp = {Thu, 22 Nov 2018 17:58:30 +0100},
  biburl    = {https://dblp.org/rec/bib/journals/corr/abs-1811-02084},
  bibsource = {dblp computer science bibliography, https://dblp.org}
}
@misc{megatronlm,
    title={Megatron-LM: Training Multi-Billion Parameter Language Models Using Model Parallelism},
    author={Mohammad Shoeybi and Mostofa Patwary and Raul Puri and Patrick LeGresley and Jared Casper and Bryan Catanzaro},
    year={2019},
    eprint={1909.08053},
    archivePrefix={arXiv},
    primaryClass={cs.CL}
}

@article{DBLP:journals/corr/attention,
  author    = {Ashish Vaswani and
               Noam Shazeer and
               Niki Parmar and
               Jakob Uszkoreit and
               Llion Jones and
               Aidan N. Gomez and
               Lukasz Kaiser and
               Illia Polosukhin},
  title     = {Attention Is All You Need},
  journal   = {CoRR},
  volume    = {abs/1706.03762},
  year      = {2017},
  url       = {http://arxiv.org/abs/1706.03762},
  archivePrefix = {arXiv},
  eprint    = {1706.03762},
  timestamp = {Mon, 13 Aug 2018 16:48:37 +0200},
  biburl    = {https://dblp.org/rec/bib/journals/corr/VaswaniSPUJGKP17},
  bibsource = {dblp computer science bibliography, https://dblp.org}
}

@article{gpt-2,
  title={Language Models are Unsupervised Multitask Learners},
  author={Radford, Alec and Wu, Jeff and Child, Rewon and Luan, David and Amodei, Dario and Sutskever, Ilya},
  year={2019}
}

@article{GPipe,
  title={GPipe: Efficient Training of Giant Neural Networks using Pipeline Parallelism},
  author={Yanping Huang and Yonglong Cheng and Dehao Chen and HyoukJoong Lee and Jiquan Ngiam and Quoc V. Le and Zhifeng Chen},
  journal={ArXiv},
  year={2018},
  volume={abs/1811.06965}
}

@article{DBLP:journals/corr/pipedream,
  author    = {Aaron Harlap and
               Deepak Narayanan and
               Amar Phanishayee and
               Vivek Seshadri and
               Nikhil R. Devanur and
               Gregory R. Ganger and
               Phillip B. Gibbons},
  title     = {PipeDream: Fast and Efficient Pipeline Parallel {DNN} Training},
  journal   = {CoRR},
  volume    = {abs/1806.03377},
  year      = {2018},
  url       = {http://arxiv.org/abs/1806.03377},
  archivePrefix = {arXiv},
  eprint    = {1806.03377},
  timestamp = {Mon, 13 Aug 2018 16:46:18 +0200},
  biburl    = {https://dblp.org/rec/bib/journals/corr/abs-1806-03377},
  bibsource = {dblp computer science bibliography, https://dblp.org}
}

@InProceedings{narayanan2019pipedream,
author = {Narayanan, Deepak and Harlap, Aaron and Phanishayee, Amar and Seshadri, Vivek and Devanur, Nikhil and Granger, Greg and Gibbons, Phil and Zaharia, Matei},
title = {PipeDream: Generalized Pipeline Parallelism for DNN Training},
booktitle = {ACM Symposium on Operating Systems Principles (SOSP 2019)},
year = {2019},
month = {October}
}

@misc{tensordecomposition,
    title={Introduction to Tensor Decompositions and their Applications in Machine Learning},
    author={Stephan Rabanser and Oleksandr Shchur and Stephan Günnemann},
    year={2017},
    eprint={1711.10781},
    archivePrefix={arXiv},
    primaryClass={stat.ML}
}

@article{DBLP:journals/corr/mesh-tensor,
  author    = {Noam Shazeer and
               Youlong Cheng and
               Niki Parmar and
               Dustin Tran and
               Ashish Vaswani and
               Penporn Koanantakool and
               Peter Hawkins and
               HyoukJoong Lee and
               Mingsheng Hong and
               Cliff Young and
               Ryan Sepassi and
               Blake A. Hechtman},
  title     = {Mesh-TensorFlow: Deep Learning for Supercomputers},
  journal   = {CoRR},
  volume    = {abs/1811.02084},
  year      = {2018},
  url       = {http://arxiv.org/abs/1811.02084},
  archivePrefix = {arXiv},
  eprint    = {1811.02084},
  timestamp = {Thu, 22 Nov 2018 17:58:30 +0100},
  biburl    = {https://dblp.org/rec/bib/journals/corr/abs-1811-02084},
  bibsource = {dblp computer science bibliography, https://dblp.org}
}

@article{DBLP:journals/corr/batch-scaling,
  author    = {Sam McCandlish and
               Jared Kaplan and
               Dario Amodei and
               OpenAI Dota Team},
  title     = {An Empirical Model of Large-Batch Training},
  journal   = {CoRR},
  volume    = {abs/1812.06162},
  year      = {2018},
  url       = {http://arxiv.org/abs/1812.06162},
  archivePrefix = {arXiv},
  eprint    = {1812.06162},
  timestamp = {Tue, 01 Jan 2019 15:01:25 +0100},
  biburl    = {https://dblp.org/rec/bib/journals/corr/abs-1812-06162},
  bibsource = {dblp computer science bibliography, https://dblp.org}
}

@misc{nvidia-bert-training-with-gpus,
  author = {Shar Narasimhan},
  title = {{NVIDIA Clocks World’s Fastest BERT Training Time ...}},
  howpublished = "\url{https://devblogs.nvidia.com/training-bert-with-gpus/}",
  year = {2019}, 
  note = "[Online; accessed 25-September-2019]"
}

@misc{nvidia-volta-arch,
    title = {{NVIDIA Tesla V100 GPU architecture}},
    year = {2017},
    howpublished = "\url{http://images.nvidia.com/content/volta-architecture/pdf/volta-architecture-whitepaper.pdf}",
    note = "[Online, accessed 22-April-2020]"
}

@misc{micikevicius2017mixed,
    title={Mixed Precision Training},
    author={Paulius Micikevicius and Sharan Narang and Jonah Alben and Gregory Diamos and Erich Elsen and David Garcia and Boris Ginsburg and Michael Houston and Oleksii Kuchaiev and Ganesh Venkatesh and Hao Wu},
    year={2017},
    eprint={1710.03740},
    archivePrefix={arXiv},
    primaryClass={cs.AI}
}

@misc{nvidia-apex,
    title={Automatic Mixed-Precision},
    author={NVIDIA},
    year={2019},
    howpublished="\url{https://developer.nvidia.com/automatic-mixed-precision}"
}

@misc{t-nlg,
    title={Turing-NLG: A 17-billion-parameter language model by Microsoft},
    author={Microsoft},
    year={2020},
    howpublished="\url{https://www.microsoft.com/en-us/research/blog/turing-nlg-a-17-billion-parameter-language-model-by-microsoft/}"
}

@article{DBLP:journals/corr/abs-1901-11150,
  author    = {Rohan Anil and
               Vineet Gupta and
               Tomer Koren and
               Yoram Singer},
  title     = {Memory-Efficient Adaptive Optimization for Large-Scale Learning},
  journal   = {CoRR},
  volume    = {abs/1901.11150},
  year      = {2019},
  url       = {http://arxiv.org/abs/1901.11150},
  archivePrefix = {arXiv},
  eprint    = {1901.11150},
  timestamp = {Mon, 04 Feb 2019 08:11:03 +0100},
  biburl    = {https://dblp.org/rec/journals/corr/abs-1901-11150.bib},
  bibsource = {dblp computer science bibliography, https://dblp.org}
}

@article{DBLP:journals/corr/adafactor,
  author    = {Noam Shazeer and
               Mitchell Stern},
  title     = {Adafactor: Adaptive Learning Rates with Sublinear Memory Cost},
  journal   = {CoRR},
  volume    = {abs/1804.04235},
  year      = {2018},
  url       = {http://arxiv.org/abs/1804.04235},
  archivePrefix = {arXiv},
  eprint    = {1804.04235},
  timestamp = {Mon, 13 Aug 2018 16:48:15 +0200},
  biburl    = {https://dblp.org/rec/journals/corr/abs-1804-04235.bib},
  bibsource = {dblp computer science bibliography, https://dblp.org}
}

@inproceedings{DBLP:journals/corr/Adam,
  author    = {Diederik P. Kingma and
               Jimmy Ba},
  editor    = {Yoshua Bengio and
               Yann LeCun},
  title     = {Adam: {A} Method for Stochastic Optimization},
  booktitle = {3rd International Conference on Learning Representations, {ICLR} 2015,
               San Diego, CA, USA, May 7-9, 2015, Conference Track Proceedings},
  year      = {2015},
  url       = {http://arxiv.org/abs/1412.6980},
  timestamp = {Thu, 25 Jul 2019 14:25:37 +0200},
  biburl    = {https://dblp.org/rec/journals/corr/KingmaB14.bib},
  bibsource = {dblp computer science bibliography, https://dblp.org}
}

@article{10.5555/Adagrad,
author = {Duchi, John and Hazan, Elad and Singer, Yoram},
title = {Adaptive Subgradient Methods for Online Learning and Stochastic Optimization},
year = {2011},
issue_date = {February 2011},
publisher = {JMLR.org},
volume = {12},
number = {null},
issn = {1532-4435},
journal = {J. Mach. Learn. Res.},
month = jul,
pages = {2121–2159},
numpages = {39}
}

@article{DBLP:journals/corr/You-LARS,
  author    = {Yang You and
               Igor Gitman and
               Boris Ginsburg},
  title     = {Scaling {SGD} Batch Size to 32K for ImageNet Training},
  journal   = {CoRR},
  volume    = {abs/1708.03888},
  year      = {2017},
  url       = {http://arxiv.org/abs/1708.03888},
  archivePrefix = {arXiv},
  eprint    = {1708.03888},
  timestamp = {Mon, 13 Aug 2018 16:49:16 +0200},
  biburl    = {https://dblp.org/rec/journals/corr/abs-1708-03888.bib},
  bibsource = {dblp computer science bibliography, https://dblp.org}
}

@article{DBLP:journals/corr/You-LAMB,
  author    = {Yang You and
               Jing Li and
               Jonathan Hseu and
               Xiaodan Song and
               James Demmel and
               Cho{-}Jui Hsieh},
  title     = {Reducing {BERT} Pre-Training Time from 3 Days to 76 Minutes},
  journal   = {CoRR},
  volume    = {abs/1904.00962},
  year      = {2019},
  url       = {http://arxiv.org/abs/1904.00962},
  archivePrefix = {arXiv},
  eprint    = {1904.00962},
  timestamp = {Wed, 24 Apr 2019 12:21:25 +0200},
  biburl    = {https://dblp.org/rec/journals/corr/abs-1904-00962.bib},
  bibsource = {dblp computer science bibliography, https://dblp.org}
}

@InProceedings{jain2018gist,
author = {Jain, Animesh and Phanishayee, Amar and Mars, Jason and Tang, Lingjia and Pekhimenko, Gennady},
title = {Gist: Efficient Data Encoding for Deep Neural Network Training},
booktitle = {International Symposium on Computer Architecture (ISCA 2018)},
year = {2018}
}

@article{Jain2019CheckmateBT,
  title={Checkmate: Breaking the Memory Wall with Optimal Tensor Rematerialization},
  author={Paras Jain and Ajay Jain and Aniruddha Nrusimha and Amir Gholami and Pieter Abbeel and Kurt Keutzer and Ion Stoica and Joseph E. Gonzalez},
  journal={ArXiv},
  year={2019},
  volume={abs/1910.02653}
}

@article{layer2layer,
  title={Training Large Neural Networks with Constant Memory using a New Execution Algorithm},
  author={Bharadwaj Pudipeddi and Maral Mesmakhosroshahi and Jinwen Xi and Sujeeth Bharadwaj},
  journal={ArXiv},
  year={2020},
  volume={abs/2002.05645}
}

@article{Anil2019MemoryEfficientAO,
  title={Memory-Efficient Adaptive Optimization for Large-Scale Learning},
  author={Rohan Anil and Vineet Gupta and Tomer Koren and Yoram Singer},
  journal={ArXiv},
  year={2019},
  volume={abs/1901.11150}
}

@InProceedings{pmlr-v80-shazeer18a,
  title = 	 {Adafactor: Adaptive Learning Rates with Sublinear Memory Cost},
  author = 	 {Shazeer, Noam and Stern, Mitchell},
  booktitle = 	 {Proceedings of the 35th International Conference on Machine Learning},
  year = 	 {2018}
 }