
@article{kingma2014adam,
  title={Adam: A method for stochastic optimization},
  author={Kingma, Diederik P and Ba, Jimmy},
  journal={arXiv preprint arXiv:1412.6980},
  year={2014}
}


@inproceedings{Vaswani+2017,
 author = {Vaswani, Ashish and Shazeer, Noam and Parmar, Niki and Uszkoreit, Jakob and Jones, Llion and Gomez, Aidan N and Kaiser, \L ukasz and Polosukhin, Illia},
 booktitle = {Advances in Neural Information Processing Systems},
 pages = {},
 publisher = {Curran Associates, Inc.},
 title = {Attention is All you Need},
 url = {https://proceedings.neurips.cc/paper_files/paper/2017/file/3f5ee243547dee91fbd053c1c4a845aa-Paper.pdf},
 volume = {30},
 year = {2017}
}


@article{yang2022tensor,
  title={Tensor programs v: Tuning large neural networks via zero-shot hyperparameter transfer},
  author={Yang, Greg and Hu, Edward J and Babuschkin, Igor and Sidor, Szymon and Liu, Xiaodong and Farhi, David and Ryder, Nick and Pachocki, Jakub and Chen, Weizhu and Gao, Jianfeng},
  journal={arXiv preprint arXiv:2203.03466},
  year={2022}
}

@article{gupta2023continual,
  title={Continual Pre-Training of Large Language Models: How to (re) warm your model?},
  author={Gupta, Kshitij and Th{\'e}rien, Benjamin and Ibrahim, Adam and Richter, Mats L and Anthony, Quentin and Belilovsky, Eugene and Rish, Irina and Lesort, Timoth{\'e}e},
  journal={arXiv preprint arXiv:2308.04014},
  year={2023}
}

@article{dey2023cerebras,
  title={Cerebras-GPT: Open compute-optimal language models trained on the Cerebras wafer-scale cluster},
  author={Dey, Nolan and Gosal, Gurpreet and Khachane, Hemant and Marshall, William and Pathria, Ribhu and Tom, Marvin and Hestness, Joel and others},
  journal={arXiv preprint arXiv:2304.03208},
  year={2023}
}

@article{yang2023tensor,
  title={Tensor programs vi: Feature learning in infinite-depth neural networks},
  author={Yang, Greg and Yu, Dingli and Zhu, Chen and Hayou, Soufiane},
  journal={arXiv preprint arXiv:2310.02244},
  year={2023}
}

@article{touvron2023llama,
  title={Llama: Open and efficient foundation language models},
  author={Touvron, Hugo and Lavril, Thibaut and Izacard, Gautier and Martinet, Xavier and Lachaux, Marie-Anne and Lacroix, Timoth{\'e}e and Rozi{\`e}re, Baptiste and Goyal, Naman and Hambro, Eric and Azhar, Faisal and others},
  journal={arXiv preprint arXiv:2302.13971},
  year={2023}
}


@inproceedings{henry-etal-2020-query,
    title = "Query-Key Normalization for Transformers",
    author = "Henry, Alex  and
      Dachapally, Prudhvi Raj  and
      Pawar, Shubham Shantaram  and
      Chen, Yuxuan",
    editor = "Cohn, Trevor  and
      He, Yulan  and
      Liu, Yang",
    booktitle = "Findings of the Association for Computational Linguistics: EMNLP 2020",
    month = nov,
    year = "2020",
    address = "Online",
    publisher = "Association for Computational Linguistics",
    url = "https://aclanthology.org/2020.findings-emnlp.379",
    doi = "10.18653/v1/2020.findings-emnlp.379",
    pages = "4246--4253",
}


@article{zhang2019root,
  title={Root mean square layer normalization},
  author={Zhang, Biao and Sennrich, Rico},
  journal={Advances in Neural Information Processing Systems},
  volume={32},
  year={2019}
}


@article{rae2021scaling,
  title={Scaling language models: Methods, analysis \& insights from training gopher},
  author={Rae, Jack W and Borgeaud, Sebastian and Cai, Trevor and Millican, Katie and Hoffmann, Jordan and Song, Francis and Aslanides, John and Henderson, Sarah and Ring, Roman and Young, Susannah and others},
  journal={arXiv preprint arXiv:2112.11446},
  year={2021}
}

@article{sardana2023beyond,
  title={Beyond chinchilla-optimal: Accounting for inference in language model scaling laws},
  author={Sardana, Nikhil and Frankle, Jonathan},
  journal={arXiv preprint arXiv:2401.00448},
  year={2023}
}

@article{kaplan2020scaling,
  title={Scaling laws for neural language models},
  author={Kaplan, Jared and McCandlish, Sam and Henighan, Tom and Brown, Tom B and Chess, Benjamin and Child, Rewon and Gray, Scott and Radford, Alec and Wu, Jeffrey and Amodei, Dario},
  journal={arXiv preprint arXiv:2001.08361},
  year={2020}
}

@article{DBLP:journals/corr/abs-2210-17323,
  author       = {Elias Frantar and
                  Saleh Ashkboos and
                  Torsten Hoefler and
                  Dan Alistarh},
  title        = {{GPTQ:} Accurate Post-Training Quantization for Generative Pre-trained
                  Transformers},
  journal      = {CoRR},
  volume       = {abs/2210.17323},
  year         = {2022},
  url          = {https://doi.org/10.48550/arXiv.2210.17323},
  doi          = {10.48550/ARXIV.2210.17323},
  eprinttype    = {arXiv},
  eprint       = {2210.17323},
  timestamp    = {Thu, 03 Nov 2022 09:50:24 +0100},
  biburl       = {https://dblp.org/rec/journals/corr/abs-2210-17323.bib},
  bibsource    = {dblp computer science bibliography, https://dblp.org}
}

% quantization datasets

% shareGPT
@misc{ShareGPT, title={ShareGPT}, url={https://huggingface.co/datasets/openchat/openchat_sharegpt_v3/tree/main}, author={openchat} }

% eval-instruct
@article{xu2023wizardlm,
  title={Wizardlm: Empowering large language models to follow complex instructions},
  author={Xu, Can and Sun, Qingfeng and Zheng, Kai and Geng, Xiubo and Zhao, Pu and Feng, Jiazhan and Tao, Chongyang and Jiang, Daxin},
  journal={arXiv preprint arXiv:2304.12244},
  year={2023}
}

% SlimOrca
@misc{SlimOrcaDedup,
  title = {SlimOrca Dedup: A Deduplicated Subset of SlimOrca},
  author = {Wing Lian and Guan Wang and Bleys Goodson and Eugene Pentland and Austin Cook and Chanvichet Vong and "Teknium" and Nathan Hoos},
  year = {2023},
  publisher = {HuggingFace},
  url = {https://huggingface.co/datasets/Open-Orca/SlimOrca-Dedup/}
}

@misc{mukherjee2023orca,
      title={Orca: Progressive Learning from Complex Explanation Traces of GPT-4}, 
      author={Subhabrata Mukherjee and Arindam Mitra and Ganesh Jawahar and Sahaj Agarwal and Hamid Palangi and Ahmed Awadallah},
      year={2023},
      eprint={2306.02707},
      archivePrefix={arXiv},
      primaryClass={cs.CL}
}

@misc{longpre2023flan,
      title={The Flan Collection: Designing Data and Methods for Effective Instruction Tuning}, 
      author={Shayne Longpre and Le Hou and Tu Vu and Albert Webson and Hyung Won Chung and Yi Tay and Denny Zhou and Quoc V. Le and Barret Zoph and Jason Wei and Adam Roberts},
      year={2023},
      eprint={2301.13688},
      archivePrefix={arXiv},
      primaryClass={cs.AI}
}

% Glaive
@misc{Glaive, title={Glaive-Code-Assistant}, url={https://huggingface.co/datasets/glaiveai/glaive-code-assistant}, author={GlaiveAI} }

% MagiCoder
@misc{MagiCoder-evol-instruct, title={MagiCoder-Evol-Instruct}, url={https://huggingface.co/datasets/ise-uiuc/Magicoder-Evol-Instruct-110K}, author={MagiCoder} }
@misc{MagiCoder-OSS-instruct, title={MagiCoder-OSS-Instruct}, url={https://huggingface.co/datasets/ise-uiuc/Magicoder-OSS-Instruct-75K}, author={MagiCoder} }

% metamath
@article{yu2023metamath,
  title={MetaMath: Bootstrap Your Own Mathematical Questions for Large Language Models},
  author={Yu, Longhui and Jiang, Weisen and Shi, Han and Yu, Jincheng and Liu, Zhengying and Zhang, Yu and Kwok, James T and Li, Zhenguo and Weller, Adrian and Liu, Weiyang},
  journal={arXiv preprint arXiv:2309.12284},
  year={2023}
}

% mammoth
@article{yue2023mammoth,
  title={MAmmoTH: Building Math Generalist Models through Hybrid Instruction Tuning},
  author={Xiang Yue and Xingwei Qu and Ge Zhang and Yao Fu and Wenhao Huang and Huan Sun and Yu Su and Wenhu Chen},
  journal={arXiv preprint arXiv:2309.05653},
  year={2023}
}

% ultrachat
@misc{ding2023enhancing,
      title={Enhancing Chat Language Models by Scaling High-quality Instructional Conversations}, 
      author={Ning Ding and Yulin Chen and Bokai Xu and Yujia Qin and Zhi Zheng and Shengding Hu and Zhiyuan Liu and Maosong Sun and Bowen Zhou},
      year={2023},
      eprint={2305.14233},
      archivePrefix={arXiv},
      primaryClass={cs.CL}
}
@misc{tunstall2023zephyr,
      title={Zephyr: Direct Distillation of LM Alignment}, 
      author={Lewis Tunstall and Edward Beeching and Nathan Lambert and Nazneen Rajani and Kashif Rasul and Younes Belkada and Shengyi Huang and Leandro von Werra and Cl√©mentine Fourrier and Nathan Habib and Nathan Sarrazin and Omar Sanseviero and Alexander M. Rush and Thomas Wolf},
      year={2023},
      eprint={2310.16944},
      archivePrefix={arXiv},
      primaryClass={cs.LG}
}

% ultrafeedback
@misc{cui2023ultrafeedback,
      title={UltraFeedback: Boosting Language Models with High-quality Feedback}, 
      author={Ganqu Cui and Lifan Yuan and Ning Ding and Guanming Yao and Wei Zhu and Yuan Ni and Guotong Xie and Zhiyuan Liu and Maosong Sun},
      year={2023},
      eprint={2310.01377},
      archivePrefix={arXiv},
      primaryClass={cs.CL}
}


@article{2019t5,
    author = {Colin Raffel and Noam Shazeer and Adam Roberts and Katherine Lee and Sharan Narang and Michael Matena and Yanqi Zhou and Wei Li and Peter J. Liu},
    title = {Exploring the Limits of Transfer Learning with a Unified Text-to-Text Transformer},
    journal = {arXiv e-prints},
    year = {2019},
    archivePrefix = {arXiv},
    eprint = {1910.10683},
}
% ultrainteract


@article{bai2023qwen,
  title={Qwen technical report},
  author={Bai, Jinze and Bai, Shuai and Chu, Yunfei and Cui, Zeyu and Dang, Kai and Deng, Xiaodong and Fan, Yang and Ge, Wenbin and Han, Yu and Huang, Fei and others},
  journal={arXiv preprint arXiv:2309.16609},
  year={2023}
}

@article{almazrouei2023falcon,
  title={The falcon series of open language models},
  author={Almazrouei, Ebtesam and Alobeidli, Hamza and Alshamsi, Abdulaziz and Cappelli, Alessandro and Cojocaru, Ruxandra and Debbah, M{\'e}rouane and Goffinet, {\'E}tienne and Hesslow, Daniel and Launay, Julien and Malartic, Quentin and others},
  journal={arXiv preprint arXiv:2311.16867},
  year={2023}
}

@article{hoffmann2022training,
  title={Training compute-optimal large language models},
  author={Hoffmann, Jordan and Borgeaud, Sebastian and Mensch, Arthur and Buchatskaya, Elena and Cai, Trevor and Rutherford, Eliza and Casas, Diego de Las and Hendricks, Lisa Anne and Welbl, Johannes and Clark, Aidan and others},
  journal={arXiv preprint arXiv:2203.15556},
  year={2022}
}


@article{liu2024mobilellm,
  title={MobileLLM: Optimizing Sub-billion Parameter Language Models for On-Device Use Cases},
  author={Liu, Zechun and Zhao, Changsheng and Iandola, Forrest and Lai, Chen and Tian, Yuandong and Fedorov, Igor and Xiong, Yunyang and Chang, Ernie and Shi, Yangyang and Krishnamoorthi, Raghuraman and others},
  journal={arXiv preprint arXiv:2402.14905},
  year={2024}
}

@inproceedings{kwon2023efficient,
  title={Efficient memory management for large language model serving with pagedattention},
  author={Kwon, Woosuk and Li, Zhuohan and Zhuang, Siyuan and Sheng, Ying and Zheng, Lianmin and Yu, Cody Hao and Gonzalez, Joseph and Zhang, Hao and Stoica, Ion},
  booktitle={Proceedings of the 29th Symposium on Operating Systems Principles},
  pages={611--626},
  year={2023}
}

@article{team2023gemini,
  title={Gemini: a family of highly capable multimodal models},
  author={Gemini, Team and Anil, Rohan and Borgeaud, Sebastian and Wu, Yonghui and Alayrac, Jean-Baptiste and Yu, Jiahui and Soricut, Radu and Schalkwyk, Johan and Dai, Andrew M and Hauth, Anja and others},
  journal={arXiv preprint arXiv:2312.11805},
  year={2023}
}

@article{hendrycks2020measuring,
  title={Measuring massive multitask language understanding},
  author={Hendrycks, Dan and Burns, Collin and Basart, Steven and Zou, Andy and Mazeika, Mantas and Song, Dawn and Steinhardt, Jacob},
  journal={arXiv preprint arXiv:2009.03300},
  year={2020}
}

@misc{li2024cmmlu,
      title={CMMLU: Measuring massive multitask language understanding in Chinese}, 
      author={Haonan Li and Yixuan Zhang and Fajri Koto and Yifei Yang and Hai Zhao and Yeyun Gong and Nan Duan and Timothy Baldwin},
      year={2024},
      eprint={2306.09212},
      archivePrefix={arXiv},
      primaryClass={cs.CL}
}

@article{huang2024c,
  title={C-eval: A multi-level multi-discipline chinese evaluation suite for foundation models},
  author={Huang, Yuzhen and Bai, Yuzhuo and Zhu, Zhihao and Zhang, Junlei and Zhang, Jinghan and Su, Tangjun and Liu, Junteng and Lv, Chuancheng and Zhang, Yikai and Fu, Yao and others},
  journal={Advances in Neural Information Processing Systems},
  volume={36},
  year={2024}
}

@article{chen2021evaluating,
  title={Evaluating large language models trained on code},
  author={Chen, Mark and Tworek, Jerry and Jun, Heewoo and Yuan, Qiming and Pinto, Henrique Ponde de Oliveira and Kaplan, Jared and Edwards, Harri and Burda, Yuri and Joseph, Nicholas and Brockman, Greg and others},
  journal={arXiv preprint arXiv:2107.03374},
  year={2021}
}

@misc{austin2021program,
      title={Program Synthesis with Large Language Models}, 
      author={Jacob Austin and Augustus Odena and Maxwell Nye and Maarten Bosma and Henryk Michalewski and David Dohan and Ellen Jiang and Carrie Cai and Michael Terry and Quoc Le and Charles Sutton},
      year={2021},
      eprint={2108.07732},
      archivePrefix={arXiv},
      primaryClass={cs.PL}
}

@article{cobbe2021training,
  title={Training verifiers to solve math word problems},
  author={Cobbe, Karl and Kosaraju, Vineet and Bavarian, Mohammad and Chen, Mark and Jun, Heewoo and Kaiser, Lukasz and Plappert, Matthias and Tworek, Jerry and Hilton, Jacob and Nakano, Reiichiro and others},
  journal={arXiv preprint arXiv:2110.14168},
  year={2021}
}

@article{hendrycks2021measuring,
  title={Measuring mathematical problem solving with the math dataset},
  author={Hendrycks, Dan and Burns, Collin and Kadavath, Saurav and Arora, Akul and Basart, Steven and Tang, Eric and Song, Dawn and Steinhardt, Jacob},
  journal={arXiv preprint arXiv:2103.03874},
  year={2021}
}

@article{zellers2019hellaswag,
  title={Hellaswag: Can a machine really finish your sentence?},
  author={Zellers, Rowan and Holtzman, Ari and Bisk, Yonatan and Farhadi, Ali and Choi, Yejin},
  journal={arXiv preprint arXiv:1905.07830},
  year={2019}
}

@article{clark2018think,
  title={Think you have solved question answering? try arc, the ai2 reasoning challenge},
  author={Clark, Peter and Cowhey, Isaac and Etzioni, Oren and Khot, Tushar and Sabharwal, Ashish and Schoenick, Carissa and Tafjord, Oyvind},
  journal={arXiv preprint arXiv:1803.05457},
  year={2018}
}

@misc{suzgun2022challenging,
      title={Challenging BIG-Bench Tasks and Whether Chain-of-Thought Can Solve Them}, 
      author={Mirac Suzgun and Nathan Scales and Nathanael Sch√§rli and Sebastian Gehrmann and Yi Tay and Hyung Won Chung and Aakanksha Chowdhery and Quoc V. Le and Ed H. Chi and Denny Zhou and Jason Wei},
      year={2022},
      eprint={2210.09261},
      archivePrefix={arXiv},
      primaryClass={cs.CL}
}

@article{srivastava2023beyond,
  title={Beyond the Imitation Game: Quantifying and extrapolating the capabilities of language models},
  author={BIG-bench authors},
  journal={Transactions on Machine Learning Research},
  issn={2835-8856},
  year={2023},
  url={https://openreview.net/forum?id=uyTL5Bvosj},
  note={}
}

@article{gunasekar2023textbooks,
  title={Textbooks are all you need},
  author={Gunasekar, Suriya and Zhang, Yi and Aneja, Jyoti and Mendes, Caio C{\'e}sar Teodoro and Del Giorno, Allie and Gopi, Sivakanth and Javaheripi, Mojan and Kauffmann, Piero and de Rosa, Gustavo and Saarikivi, Olli and others},
  journal={arXiv preprint arXiv:2306.11644},
  year={2023}
}

@article{li2023textbooks,
  title={Textbooks are all you need ii: phi-1.5 technical report},
  author={Li, Yuanzhi and Bubeck, S{\'e}bastien and Eldan, Ronen and Del Giorno, Allie and Gunasekar, Suriya and Lee, Yin Tat},
  journal={arXiv preprint arXiv:2309.05463},
  year={2023}
}

@article{zhang2024tinyllama,
  title={Tinyllama: An open-source small language model},
  author={Zhang, Peiyuan and Zeng, Guangtao and Wang, Tianduo and Lu, Wei},
  journal={arXiv preprint arXiv:2401.02385},
  year={2024}
}



@misc{Banks2024Gemma,
  author = {Banks, Jeanine and Warkentin, Tris},
  title = {Gemma: Introducing new state-of-the-art open models},
  year = {2024},
  howpublished = {\url{https://blog.google/technology/developers/gemma-open-models/}},
  note = {Accessed: date-of-access}
}


@misc{Javaheripi2023Phi2,
  author = {Javaheripi, Mojan and Bubeck, S√©bastien},
  title = {Phi-2: The surprising power of small language models},
  year = {2023},
  howpublished = {\url{https://www.microsoft.com/en-us/research/blog/phi-2-the-surprising-power-of-small-language-models/}},
  note = {Accessed: date-of-access}
}

@article{jiang2023mistral,
  title={Mistral 7B},
  author={Jiang, Albert Q and Sablayrolles, Alexandre and Mensch, Arthur and Bamford, Chris and Chaplot, Devendra Singh and Casas, Diego de las and Bressand, Florian and Lengyel, Gianna and Lample, Guillaume and Saulnier, Lucile and others},
  journal={arXiv preprint arXiv:2310.06825},
  year={2023}
}

@article{achiam2023gpt,
  title={Gpt-4 technical report},
  author={Achiam, Josh and Adler, Steven and Agarwal, Sandhini and Ahmad, Lama and Akkaya, Ilge and Aleman, Florencia Leoni and Almeida, Diogo and Altenschmidt, Janko and Altman, Sam and Anadkat, Shyamal and others},
  journal={arXiv preprint arXiv:2303.08774},
  year={2023}
}

@article{xia2023sheared,
  title={Sheared llama: Accelerating language model pre-training via structured pruning},
  author={Xia, Mengzhou and Gao, Tianyu and Zeng, Zhiyuan and Chen, Danqi},
  journal={arXiv preprint arXiv:2310.06694},
  year={2023}
}

@article{wortsman2023small,
  title={Small-scale proxies for large-scale transformer training instabilities},
  author={Wortsman, Mitchell and Liu, Peter J and Xiao, Lechao and Everett, Katie and Alemi, Alex and Adlam, Ben and Co-Reyes, John D and Gur, Izzeddin and Kumar, Abhishek and Novak, Roman and others},
  journal={arXiv preprint arXiv:2309.14322},
  year={2023}
}


@article{xie2024doremi,
  title={Doremi: Optimizing data mixtures speeds up language model pretraining},
  author={Xie, Sang Michael and Pham, Hieu and Dong, Xuanyi and Du, Nan and Liu, Hanxiao and Lu, Yifeng and Liang, Percy S and Le, Quoc V and Ma, Tengyu and Yu, Adams Wei},
  journal={Advances in Neural Information Processing Systems},
  volume={36},
  year={2024}
}

@article{shi2023context,
  title={In-Context Pretraining: Language Modeling Beyond Document Boundaries},
  author={Shi, Weijia and Min, Sewon and Lomeli, Maria and Zhou, Chunting and Li, Margaret and Lin, Victoria and Smith, Noah A and Zettlemoyer, Luke and Yih, Scott and Lewis, Mike},
  journal={arXiv preprint arXiv:2310.10638},
  year={2023}
}

@article{ye2024data,
  title={Data Mixing Laws: Optimizing Data Mixtures by Predicting Language Modeling Performance},
  author={Ye, Jiasheng and Liu, Peiju and Sun, Tianxiang and Zhou, Yunhua and Zhan, Jun and Qiu, Xipeng},
  journal={arXiv preprint arXiv:2403.16952},
  year={2024}
}

@article{smith2017don,
  title={Don't decay the learning rate, increase the batch size},
  author={Smith, Samuel L and Kindermans, Pieter-Jan and Ying, Chris and Le, Quoc V},
  journal={arXiv preprint arXiv:1711.00489},
  year={2017}
}

@article{bi2024deepseek,
  title={Deepseek llm: Scaling open-source language models with longtermism},
  author={Bi, Xiao and Chen, Deli and Chen, Guanting and Chen, Shanhuang and Dai, Damai and Deng, Chengqi and Ding, Honghui and Dong, Kai and Du, Qiushi and Fu, Zhe and others},
  journal={arXiv preprint arXiv:2401.02954},
  year={2024}
}

@article{loshchilov2016sgdr,
  title={Sgdr: Stochastic gradient descent with warm restarts},
  author={Loshchilov, Ilya and Hutter, Frank},
  journal={arXiv preprint arXiv:1608.03983},
  year={2016}
}


@article{howard2018universal,
  title={Universal language model fine-tuning for text classification},
  author={Howard, Jeremy and Ruder, Sebastian},
  journal={arXiv preprint arXiv:1801.06146},
  year={2018}
}

@article{raffel2020exploring,
  title={Exploring the limits of transfer learning with a unified text-to-text transformer},
  author={Raffel, Colin and Shazeer, Noam and Roberts, Adam and Lee, Katherine and Narang, Sharan and Matena, Michael and Zhou, Yanqi and Li, Wei and Liu, Peter J},
  journal={Journal of machine learning research},
  volume={21},
  number={140},
  pages={1--67},
  year={2020}
}


@article{hundt2019sharpdarts,
  title={sharpdarts: Faster and more accurate differentiable architecture search},
  author={Hundt, Andrew and Jain, Varun and Hager, Gregory D},
  journal={arXiv preprint arXiv:1903.09900},
  year={2019}
}


@article{hu2023unlock,
  title={Unlock predictable scaling from emergent abilities},
  author={Hu, Shengding and Liu, Xin and Han, Xu and Zhang, Xinrong and He, Chaoqun and Zhao, Weilin and Lin, Yankai and Ding, Ning and Ou, Zebin and Zeng, Guoyang and others},
  journal={arXiv preprint arXiv:2310.03262},
  year={2023}
}

@article{du2024understanding,
  title={Understanding Emergent Abilities of Language Models from the Loss Perspective},
  author={Du, Zhengxiao and Zeng, Aohan and Dong, Yuxiao and Tang, Jie},
  journal={arXiv preprint arXiv:2403.15796},
  year={2024}
}

@inproceedings{aghajanyan2023scaling,
  title={Scaling laws for generative mixed-modal language models},
  author={Aghajanyan, Armen and Yu, Lili and Conneau, Alexis and Hsu, Wei-Ning and Hambardzumyan, Karen and Zhang, Susan and Roller, Stephen and Goyal, Naman and Levy, Omer and Zettlemoyer, Luke},
  booktitle={International Conference on Machine Learning},
  pages={265--279},
  year={2023},
  organization={PMLR}
}

@article{zhang2023instruction,
  title={Instruction tuning for large language models: A survey},
  author={Zhang, Shengyu and Dong, Linfeng and Li, Xiaoya and Zhang, Sen and Sun, Xiaofei and Wang, Shuhe and Li, Jiwei and Hu, Runyi and Zhang, Tianwei and Wu, Fei and others},
  journal={arXiv preprint arXiv:2308.10792},
  year={2023}
}

@article{wei2021finetuned,
  title={Finetuned language models are zero-shot learners},
  author={Wei, Jason and Bosma, Maarten and Zhao, Vincent Y and Guu, Kelvin and Yu, Adams Wei and Lester, Brian and Du, Nan and Dai, Andrew M and Le, Quoc V},
  journal={arXiv preprint arXiv:2109.01652},
  year={2021}
}

@article{du2021glm,
  title={Glm: General language model pretraining with autoregressive blank infilling},
  author={Du, Zhengxiao and Qian, Yujie and Liu, Xiao and Ding, Ming and Qiu, Jiezhong and Yang, Zhilin and Tang, Jie},
  journal={arXiv preprint arXiv:2103.10360},
  year={2021}
}

@article{peng2023yarn,
  title={Yarn: Efficient context window extension of large language models},
  author={Peng, Bowen and Quesnelle, Jeffrey and Fan, Honglu and Shippole, Enrico},
  journal={arXiv preprint arXiv:2309.00071},
  year={2023}
}

@article{wang2023cogvlm,
  title={Cogvlm: Visual expert for pretrained language models},
  author={Wang, Weihan and Lv, Qingsong and Yu, Wenmeng and Hong, Wenyi and Qi, Ji and Wang, Yan and Ji, Junhui and Yang, Zhuoyi and Zhao, Lei and Song, Xixuan and others},
  journal={arXiv preprint arXiv:2311.03079},
  year={2023}
}

@article{bai2023qwenvl,
  title={Qwen-vl: A versatile vision-language model for understanding, localization, text reading, and beyond},
  author={Bai, Jinze and Bai, Shuai and Yang, Shusheng and Wang, Shijie and Tan, Sinan and Wang, Peng and Lin, Junyang and Zhou, Chang and Zhou, Jingren},
  year={2023}
}

@inproceedings{sennrich-etal-2016-neural,
    title = "Neural Machine Translation of Rare Words with Subword Units",
    author = "Sennrich, Rico  and
      Haddow, Barry  and
      Birch, Alexandra",
    editor = "Erk, Katrin  and
      Smith, Noah A.",
    booktitle = "Proceedings of the 54th Annual Meeting of the Association for Computational Linguistics (Volume 1: Long Papers)",
    month = aug,
    year = "2016",
    address = "Berlin, Germany",
    publisher = "Association for Computational Linguistics",
    url = "https://aclanthology.org/P16-1162",
    doi = "10.18653/v1/P16-1162",
    pages = "1715--1725",
}
@article{ouyang2022training,
  title={Training language models to follow instructions with human feedback},
  author={Ouyang, Long and Wu, Jeffrey and Jiang, Xu and Almeida, Diogo and Wainwright, Carroll and Mishkin, Pamela and Zhang, Chong and Agarwal, Sandhini and Slama, Katarina and Ray, Alex and others},
  journal={Advances in neural information processing systems},
  volume={35},
  pages={27730--27744},
  year={2022}
}

@article{dolma,
  title = {{Dolma: An Open Corpus of Three Trillion Tokens for Language Model Pretraining Research}},
  author={Luca Soldaini and Rodney Kinney and Akshita Bhagia and Dustin Schwenk and David Atkinson and Russell Authur and Ben Bogin and Khyathi Chandu and Jennifer Dumas and Yanai Elazar and Valentin Hofmann and Ananya Harsh Jha and Sachin Kumar and Li Lucy and Xinxi Lyu and Nathan Lambert and Ian Magnusson and Jacob Morrison and Niklas Muennighoff and Aakanksha Naik and Crystal Nam and Matthew E. Peters and Abhilasha Ravichander and Kyle Richardson and Zejiang Shen and Emma Strubell and Nishant Subramani and Oyvind Tafjord and Pete Walsh and Luke Zettlemoyer and Noah A. Smith and Hannaneh Hajishirzi and Iz Beltagy and Dirk Groeneveld and Jesse Dodge and Kyle Lo},
  year={2024},
  journal={arXiv preprint},
  url={https://arxiv.org/abs/2402.00159}
}



@article{gao2020pile,
  title={The {P}ile: An 800{GB} dataset of diverse text for language modeling},
  author={Gao, Leo and Biderman, Stella and Black, Sid and Golding, Laurence and Hoppe, Travis and Foster, Charles and Phang, Jason and He, Horace and Thite, Anish and Nabeshima, Noa and others},
  journal={arXiv preprint arXiv:2101.00027},
  year={2020}
}


@inproceedings{broder1997resemblance,
  title={On the resemblance and containment of documents},
  author={Broder, Andrei Z},
  booktitle={Proceedings. Compression and Complexity of SEQUENCES 1997 (Cat. No. 97TB100171)},
  pages={21--29},
  year={1997},
  organization={IEEE}
}


@article{biderman2022datasheet,
  title={Datasheet for the pile},
  author={Biderman, Stella and Bicheno, Kieran and Gao, Leo},
  journal={arXiv preprint arXiv:2201.07311},
  year={2022}
}

@article{Kocetkov2022TheStack,
  title={The Stack: 3 TB of permissively licensed source code},
  author={Kocetkov, Denis and Li, Raymond and Ben Allal, Loubna and Li, Jia and Mou,Chenghao and Mu√±oz Ferrandis, Carlos and Jernite, Yacine and Mitchell, Margaret and Hughes, Sean and Wolf, Thomas and Bahdanau, Dzmitry and von Werra, Leandro and de Vries, Harm},
  journal={Preprint},
  year={2022}
}


@article{li2023starcoder,
  title={Starcoder: may the source be with you!},
  author={Li, Raymond and Allal, Loubna Ben and Zi, Yangtian and Muennighoff, Niklas and Kocetkov, Denis and Mou, Chenghao and Marone, Marc and Akiki, Christopher and Li, Jia and Chim, Jenny and others},
  journal={arXiv preprint arXiv:2305.06161},
  year={2023}
}



@misc{SlimOrca,
  title = {SlimOrca: An Open Dataset of GPT-4 Augmented FLAN Reasoning Traces, with Verification},
  author = {Wing Lian and Guan Wang and Bleys Goodson and Eugene Pentland and Austin Cook and Chanvichet Vong and "Teknium"},
  year = {2023},
  publisher = {HuggingFace},
  url = {https://https://huggingface.co/Open-Orca/SlimOrca}
}

@article{wei2023magicoder,
  title={Magicoder: Source Code Is All You Need},
  author={Wei, Yuxiang and Wang, Zhe and Liu, Jiawei and Ding, Yifeng and Zhang, Lingming},
  journal={arXiv preprint arXiv:2312.02120},
  year={2023}
}


@article{komatsuzaki2022sparse,
  title={Sparse upcycling: Training mixture-of-experts from dense checkpoints},
  author={Komatsuzaki, Aran and Puigcerver, Joan and Lee-Thorp, James and Ruiz, Carlos Riquelme and Mustafa, Basil and Ainslie, Joshua and Tay, Yi and Dehghani, Mostafa and Houlsby, Neil},
  journal={arXiv preprint arXiv:2212.05055},
  year={2022}
}

@article{rafailov2024direct,
  title={Direct preference optimization: Your language model is secretly a reward model},
  author={Rafailov, Rafael and Sharma, Archit and Mitchell, Eric and Manning, Christopher D and Ermon, Stefano and Finn, Chelsea},
  journal={Advances in Neural Information Processing Systems},
  volume={36},
  year={2024}
}

@article{fedus2022switch,
  title={Switch transformers: Scaling to trillion parameter models with simple and efficient sparsity},
  author={Fedus, William and Zoph, Barret and Shazeer, Noam},
  journal={Journal of Machine Learning Research},
  volume={23},
  number={120},
  pages={1--39},
  year={2022}
}

@article{young2024yi,
  title={Yi: Open foundation models by 01. ai},
  author={Young, Alex and Chen, Bei and Li, Chao and Huang, Chengen and Zhang, Ge and Zhang, Guanwei and Li, Heng and Zhu, Jiangcheng and Chen, Jianqun and Chang, Jing and others},
  journal={arXiv preprint arXiv:2403.04652},
  year={2024}
}


@article{song2023zebra,
  title={Zebra: Extending Context Window with Layerwise Grouped Local-Global Attention},
  author={Song, Kaiqiang and Wang, Xiaoyang and Cho, Sangwoo and Pan, Xiaoman and Yu, Dong},
  journal={arXiv preprint arXiv:2312.08618},
  year={2023}
}




@article{zhang2024infty,
  title={$\infty$Bench: Extending Long Context Evaluation Beyond 100K Tokens},
  author={Zhang, Xinrong and Chen, Yingfa and Hu, Shengding and Xu, Zihang and Chen, Junhao and Hao, Moo Khai and Han, Xu and Thai, Zhen Leng and Wang, Shuo and Liu, Zhiyuan and others},
  journal={arXiv preprint arXiv:2402.13718},
  year={2024}
}

@article{xiong2023effective,
  title={Effective long-context scaling of foundation models},
  author={Xiong, Wenhan and Liu, Jingyu and Molybog, Igor and Zhang, Hejia and Bhargava, Prajjwal and Hou, Rui and Martin, Louis and Rungta, Rashi and Sankararaman, Karthik Abinav and Oguz, Barlas and others},
  journal={arXiv preprint arXiv:2309.16039},
  year={2023}
}

@misc{bloc97_2023_ntk,
  author = {bloc97},
  title = {{NTK-Aware Scaled RoPE allows LLaMA models to have extended (8k+) context size without any fine-tuning and minimal perplexity degradation}},
  year = {2023},
  howpublished = {\url{https://www.reddit.com/r/LocalLLaMA/comments/14lz7j5/ntkaware_scaled_rope_allows_llama_models_to_have/}},
  note = {Accessed: [Insert Date of Access]}
}

@article{zheng2024judging,
  title={Judging llm-as-a-judge with mt-bench and chatbot arena},
  author={Zheng, Lianmin and Chiang, Wei-Lin and Sheng, Ying and Zhuang, Siyuan and Wu, Zhanghao and Zhuang, Yonghao and Lin, Zi and Li, Zhuohan and Li, Dacheng and Xing, Eric and others},
  journal={Advances in Neural Information Processing Systems},
  volume={36},
  year={2024}
}

@software{mlc-llm,
    author = {MLC team},
    title = {{MLC-LLM}},
    url = {https://github.com/mlc-ai/mlc-llm},
    year = {2023}
}

@software{llmfarm,
    author = {LLMFarm team},
    title = {{LLMFarm}},
    url = {https://github.com/guinmoon/LLMFarm},
    year = {2023}
}

@inproceedings{ainslie-etal-2023-gqa,
    title = "{GQA}: Training Generalized Multi-Query Transformer Models from Multi-Head Checkpoints",
    author = "Ainslie, Joshua  and
      Lee-Thorp, James  and
      de Jong, Michiel  and
      Zemlyanskiy, Yury  and
      Lebron, Federico  and
      Sanghai, Sumit",
    editor = "Bouamor, Houda  and
      Pino, Juan  and
      Bali, Kalika",
    booktitle = "Proceedings of the 2023 Conference on Empirical Methods in Natural Language Processing",
    month = dec,
    year = "2023",
    address = "Singapore",
    publisher = "Association for Computational Linguistics",
    url = "https://aclanthology.org/2023.emnlp-main.298",
    doi = "10.18653/v1/2023.emnlp-main.298",
    pages = "4895--4901",
}



@article{chowdhery2023palm,
  title={Palm: Scaling language modeling with pathways},
  author={Chowdhery, Aakanksha and Narang, Sharan and Devlin, Jacob and Bosma, Maarten and Mishra, Gaurav and Roberts, Adam and Barham, Paul and Chung, Hyung Won and Sutton, Charles and Gehrmann, Sebastian and others},
  journal={Journal of Machine Learning Research},
  volume={24},
  number={240},
  pages={1--113},
  year={2023}
}


@article{askell2021general,
  title={A general language assistant as a laboratory for alignment},
  author={Askell, Amanda and Bai, Yuntao and Chen, Anna and Drain, Dawn and Ganguli, Deep and Henighan, Tom and Jones, Andy and Joseph, Nicholas and Mann, Ben and DasSarma, Nova and others},
  journal={arXiv preprint arXiv:2112.00861},
  year={2021}
}



@article{loshchilov2017decoupled,
  title={Decoupled weight decay regularization},
  author={Loshchilov, Ilya and Hutter, Frank},
  journal={arXiv preprint arXiv:1711.05101},
  year={2017}
}